@article{Moresi2002,
  author = {Moresi, L. and Dufour, F. and M{\"{u}}hlhaus, H.-B.},
  doi = {10.1007/s00024-002-8738-3},
  issn = {0033-4553},
  journal = {Pure and Applied Geophysics},
  month = {aug},
  number = {10},
  pages = {2335--2356},
  title = {{Mantle Convection Modeling with Viscoelastic/Brittle Lithosphere: Numerical Methodology and Plate Tectonic Modeling}},
  url = {http://link.springer.com/10.1007/s00024-002-8738-3},
  volume = {159},
  year = {2002}
}

@article{Moresi2007,
  author = {Moresi, L. and Quenette, S. and Lemiale, V. and M{\'{e}}riaux, C. and Appelbe, B. and M{\"{u}}hlhaus, H.-B.},
  doi = {10.1016/j.pepi.2007.06.009},
  issn = {00319201},
  journal = {Physics of the Earth and Planetary Interiors},
  month = {aug},
  number = {1-4},
  pages = {69--82},
  title = {{Computational approaches to studying non-linear dynamics of the crust and mantle}},
  url = {http://linkinghub.elsevier.com/retrieve/pii/S0031920107001446},
  volume = {163},
  year = {2007}
}

@article{Moresi2003,
  author = {Moresi, L. and Dufour, F. and M{\"{u}}hlhaus, H.-B.},
  doi = {10.1016/S0021-9991(02)00031-1},
  issn = {00219991},
  journal = {Journal of Computational Physics},
  month = {jan},
  number = {2},
  pages = {476--497},
  title = {{A Lagrangian integration point finite element method for large deformation modeling of viscoelastic geomaterials}},
  url = {http://linkinghub.elsevier.com/retrieve/pii/S0021999102000311},
  volume = {184},
  year = {2003}
}

@article{Salles2018,
  title = {pyBadlands: A framework to simulate sediment transport, landscape dynamics and basin stratigraphic evolution through space and time},
  author = {Salles, Tristan and Ding, Xuesong and Brocard, Gilles},
  journal = {PLOS ONE},
  year = {2018},
  volume = {13},
  number = {4},
  pages = {1--24},
  doi = {10.1371/journal.pone.0195557},
}
